”%% This BibTeX bibliography file was created using BibDesk.
%% http://bibdesk.sourceforge.net/


%% Created for hervé tigréat at 2016-11-18 16:41:35 +0100 


%% Saved with string encoding Unicode (UTF-8) 



@book{Thery1993,
	Address = {Paris},
	Author = {Ir{\`e}ne Th{\'e}ry},
	Date-Added = {2016-11-18 15:38:08 +0000},
	Date-Modified = {2016-11-18 15:39:03 +0000},
	Publisher = {Odile Jacob},
	Title = {Le d{\'e}mariage},
	Year = {1993}}

@book{Renaut2002,
	Address = {paris},
	Author = {Aain Renaut},
	Date-Added = {2016-11-18 15:31:39 +0000},
	Date-Modified = {2016-11-18 15:40:10 +0000},
	Publisher = {Calman-levy, Bayard},
	Title = {La lib{\'e}ration des enfants, contribution philosophique {\`a} une histoire de l'enfance},
	Year = {2002}}

@webpage{LeMee1986,
	Author = {Ren{\'e} Le M{\'e}e},
	Date-Added = {2016-11-18 15:22:55 +0000},
	Date-Modified = {2016-11-18 15:28:26 +0000},
	Title = {"Une faiseuse d'anges" {\`a} la fin du XIX{\`e} si{\`e}cle in Communications, 44, 1986, D{\'e}natalit{\'e} : l'ant{\'e}riorit{\'e} fran{\c c}aise, 1800-1914},
	Url = {http : //www.persee.fr/doc/comm_0588-8018_1986_num_44_1_1658},
	Urldate = {1986},
	Year = {1986}}

@book{compere1995,
	Address = {Bern Paris},
	Author = {Marie-Madeleine Compere},
	Date-Added = {2016-11-18 15:16:24 +0000},
	Date-Modified = {2016-11-18 15:22:24 +0000},
	Editor = {Peter Lang},
	Publisher = {Institut national de la recherche p{\'e}dagogique},
	Title = {l'histoire de l'{\'e}ducation en Europe : essai comparatif sur la fa{\c c}on dont elle s'{\'e}crit},
	Year = {1995}}

@book{compere1985,
	Address = {Paris},
	Author = {Marie-Madeleine Compere},
	Date-Added = {2016-11-18 15:13:49 +0000},
	Date-Modified = {2016-11-18 15:16:04 +0000},
	Publisher = {Gallimard},
	Title = {Du coll{\`e}ge au lyc{\'e}e. G{\'e}n{\'e}alogie de l'enseignement secondaire fran{\c c}ais (1500-1850)},
	Year = {1985}}

@incollection{Montandon2001,
	Date-Added = {2016-11-18 11:07:42 +0000},
	Date-Modified = {2016-11-18 11:08:24 +0000}}

@inproceedings{collectif2001,
	Date-Added = {2016-11-18 09:50:21 +0000},
	Date-Modified = {2016-11-18 10:10:30 +0000},
	Publisher = {Alain Montandon},
	Title = {Lieux d'hospitalit{\'e}, hospices, h{\^o}pital, hostellerie}}

@booklet{Echene2004,
	Author = {Agn{\`e}s Ech{\`e}ne},
	Date-Added = {2016-11-18 09:44:08 +0000},
	Date-Modified = {2016-11-18 09:49:19 +0000},
	Howpublished = {https://matricien.files.wordpress.com/2012/03/2-quelle-alternative-au-patriarcat.pdf},
	Title = {Quelle alternative au patriarcat ? Valoriser un mod{\`e}le social non conjugal},
	Year = {2004}}

@conference{Neyrand2010,
	Author = {G{\'e}rard Neyrand},
	Booktitle = {La famille dans tous ses {\'e}tats},
	Date-Added = {2016-11-18 09:38:34 +0000},
	Date-Modified = {2016-11-18 09:41:14 +0000},
	Organization = {IRTS et Universit{\'e} de Metz},
	Title = {??},
	Year = {2010}}

@book{Camaille1998,
	Address = {Paris},
	Author = {Martin Camaille},
	Date-Added = {2016-11-18 09:36:52 +0000},
	Date-Modified = {2016-11-18 09:38:23 +0000},
	Publisher = {Bayard},
	Title = {Les enjeux politiques de la famille},
	Year = {1998}}

@book{Godelier2010,
	Address = {Paris},
	Author = {Maurice Godelier},
	Date-Added = {2016-11-18 09:32:27 +0000},
	Date-Modified = {2016-11-18 09:36:19 +0000},
	Publisher = {Arth{\`e}me fayard},
	Title = {M{\'e}tamorphoses de la parent{\'e}},
	Year = {2004}}

@book{Hurstel,
	Address = {Paris},
	Author = {Fran{\c c}oise Hurstel},
	Date-Added = {2016-11-17 14:54:15 +0000},
	Date-Modified = {2016-11-17 14:56:13 +0000},
	Publisher = {Puf},
	Title = {La d{\'e}chirure paternelle},
	Year = {1996}}

@book{Sorrel2003,
	Address = {Paris},
	Author = {Christian Sorrel},
	Date-Added = {2016-11-17 14:44:58 +0000},
	Date-Modified = {2016-11-17 14:46:36 +0000},
	Publisher = {Editions du cerf},
	Title = {La r{\'e}publique contre les congr{\'e}gations, histoire d'une passion fran{\c c}aise},
	Year = {2003}}

@book{Pinell1983,
	Address = {Paris},
	Author = {Patrice Pinell and Markos Zafiropoulos},
	Date-Added = {2016-11-17 14:42:12 +0000},
	Date-Modified = {2016-11-17 14:44:31 +0000},
	Publisher = {Les {\'e}ditions ouvri{\`e}res},
	Title = {Un si{\`e}cle d'{\'e}checs scolaires (1882-1982)},
	Year = {1983}}

@book{brousolle1978,
	Address = {Toulouse},
	Author = {Paul Broussolle},
	Date-Added = {2016-11-17 14:40:23 +0000},
	Date-Modified = {2016-11-17 14:41:45 +0000},
	Publisher = {Privat},
	Title = {D{\'e}linquance et d{\'e}viance, histoire de leurs approches psychiatriques},
	Year = {1978}}

@book{Badinter1980,
	Address = {Paris},
	Author = {Elisabeth Badinter},
	Date-Added = {2016-11-17 14:24:14 +0000},
	Date-Modified = {2016-11-17 14:27:00 +0000},
	Publisher = {Flammarion},
	Title = {L'amour en plus : histoire de l'amour maternel (XVII-XXe si{\`e}cle)},
	Year = {1980}}

@book{knibiehler2002,
	Address = {Paris},
	Author = {Yvonne Knibiehler},
	Date-Added = {2016-11-17 14:18:07 +0000},
	Date-Modified = {2016-11-17 14:23:56 +0000},
	Publisher = {Que sais-je ? PUF},
	Title = {Histoire des m{\`e}res et de la maternit{\'e} en occident},
	Year = {2002}}

@book{lachalotais1763,
	Address = {?},
	Author = {Louis-Ren{\'e} Caradeuc de La Chalotais},
	Date-Added = {2016-11-17 14:14:42 +0000},
	Date-Modified = {2016-11-17 14:15:53 +0000},
	Publisher = {Gallica},
	Title = {Essai d'{\'e}ducation nationale ou plan d'{\'e}tudes pour la jeunesse},
	Year = {1763}}

@book{LaChalotais1762,
	Address = {?},
	Author = {Louis-Ren{\'e} Caradeuc de La Chalotais},
	Date-Added = {2016-11-17 14:11:34 +0000},
	Date-Modified = {2016-11-17 14:14:17 +0000},
	Publisher = {Gallica},
	Title = {Compte-rendu des constitutions des j{\'e}suites},
	Year = {1762}}

@book{Bluche1993,
	Address = {Paris},
	Author = {Fran{\c c}ois Bluche},
	Date-Added = {2016-11-17 13:59:22 +0000},
	Date-Modified = {2016-11-17 14:11:08 +0000},
	Publisher = {Le livre de poche, Librairie g{\'e}n{\'e}rale fran{\c c}aise},
	Title = {L'ancien r{\'e}gime, institutions et soci{\'e}t{\'e}},
	Year = {1993}}

@book{Cornette2005,
	Address = {Paris},
	Author = {Jo{\"e}l Cornette},
	Date-Added = {2016-11-17 13:56:49 +0000},
	Date-Modified = {2016-11-17 13:58:57 +0000},
	Publisher = {Hachette},
	Title = {Absolutisme et Lumi{\`e}res, 1653-1783},
	Year = {2005}}

@book{chauvaud2007,
	Address = {Paris},
	Author = {Fr{\'e}d{\'e}ric Chauvaud, Jacques-Guy Petit, Jean-Jacques Yvorel},
	Date-Added = {2016-11-17 13:54:31 +0000},
	Date-Modified = {2016-11-17 13:56:27 +0000},
	Publisher = {Presses universitaires de France},
	Title = {Histoire de la Justice de la r{\'e}volution {\`a} nos jours},
	Year = {2007}}

@book{henwood1986,
	Address = {Paris},
	Author = {Philippe Henwood},
	Date-Added = {2016-11-17 07:54:39 +0000},
	Date-Modified = {2016-11-17 07:58:45 +0000},
	Publisher = {Ouest france},
	Title = {Bagnards {\`a} Brest},
	Year = {1986}}

@book{Gutton1993,
	Address = {Paris},
	Author = {Jean-Pierre Gutton},
	Date-Added = {2016-11-16 14:30:47 +0000},
	Date-Modified = {2016-11-16 14:43:17 +0000},
	Publisher = {publisud},
	Title = {Histoire de l'adoption en France},
	Year = {1993}}

@book{Leon1967,
	Address = {Paris},
	Author = {Antoine Leon},
	Date-Added = {2016-11-16 14:28:21 +0000},
	Date-Modified = {2016-11-16 14:29:47 +0000},
	Publisher = {Que sais-je ? PUF},
	Title = {Histoire de l'enseignement en france},
	Year = {1967}}

@book{Monod2002,
	Address = {Paris},
	Author = {Jean-Claude Monod},
	Date-Added = {2016-11-16 14:26:06 +0000},
	Date-Modified = {2016-11-16 14:27:55 +0000},
	Publisher = {Vrin},
	Title = {La querelle de la s{\'e}cularisation : th{\'e}ologie politique et philosophie de l'histoire de Hegel {\`a} Blumenberg},
	Year = {2002}}

@book{Saunier1993,
	Address = {Paris},
	Author = {Annie Saunier},
	Date-Added = {2016-11-16 14:22:52 +0000},
	Date-Modified = {2016-11-16 14:25:38 +0000},
	Publisher = {Editions Arguments},
	Title = {Le "pauvre malade" dans le cadre hospitalier m{\'e}di{\'e}val, france du nord, vers 1300-1500},
	Year = {1993}}

@book{andreau2006,
	Address = {Paris},
	Author = {Jean Andreau and Raymond Descat},
	Date-Added = {2016-11-16 14:20:12 +0000},
	Date-Modified = {2016-11-16 14:22:29 +0000},
	Publisher = {Hachette},
	Title = {Esclave en Gr{\`e}ce et {\`a} rome},
	Year = {2006}}

@book{Duby1996,
	Address = {paris},
	Author = {Georges Duby},
	Date-Added = {2016-11-16 10:54:06 +0000},
	Date-Modified = {2016-11-16 10:56:03 +0000},
	Publisher = {Gallimard},
	Title = {f{\'e}odalit{\'e}},
	Year = {1996}}

@book{bloch1939,
	Address = {Chicoutimi, Qu{\'e}bec},
	Author = {Marc Bloch},
	Date-Added = {2016-11-16 10:46:29 +0000},
	Date-Modified = {2016-11-16 10:53:23 +0000},
	Publisher = {les classiques des sciences sociales, Universit{\'e} du Qu{\'e}bec {\`a} Chicou les classiques des sciences sociales, Universit{\'e} du Qu{\'e}bec},
	Title = {La soci{\'e}t{\'e} f{\'e}odale},
	Year = {1939}}

@book{Vanderlugt2004,
	Address = {Paris},
	Author = {Maaike Van Der Lugt},
	Date-Added = {2016-11-16 10:32:15 +0000},
	Date-Modified = {2016-11-16 10:34:36 +0000},
	Publisher = {Vrin},
	Title = {L'animation de l'embryon humain et le statut de l'enfant {\`a} na{\^\i}tre dans la pens{\'e}e m{\'e}di{\'e}vale},
	Year = {2004}}

@book{rossiaud2012,
	Address = {Paris},
	Author = {Jacques Rossiaud},
	Date-Added = {2016-11-16 10:30:07 +0000},
	Date-Modified = {2016-11-16 10:31:37 +0000},
	Publisher = {Editions jean-Paul Gisserat},
	Title = {Sexualit{\'e}s au moyen-{\^a}ge},
	Year = {2012}}

@book{Markus2012,
	Address = {Lyon},
	Author = {Robert Markus},
	Date-Added = {2016-11-16 10:27:14 +0000},
	Date-Modified = {2016-11-16 10:29:12 +0000},
	Publisher = {presses universitaires de Lyon},
	Title = {Au risque du christianisme, l'{\'e}mergence du mod{\`e}le chr{\'e}tien (V-VI{\`e}mes si{\`e}cles)},
	Year = {2012}}

@book{imbert1961,
	Address = {paris},
	Author = {Jean Imbert},
	Date-Added = {2016-11-16 10:26:04 +0000},
	Date-Modified = {2016-11-16 10:26:49 +0000},
	Publisher = {Que sais-je ? PUF},
	Title = {le droit antique},
	Year = {1961}}

@book{leguay2002,
	Address = {paris},
	Author = {Jean-Pierre Leguay},
	Date-Added = {2016-11-16 10:22:01 +0000},
	Date-Modified = {2016-11-16 10:25:43 +0000},
	Publisher = {Belin},
	Title = {L'Europe des {\'e}tats et des soci{\'e}t{\'e}s barbares, V-VIII{\`e}mes si{\`e}cles},
	Year = {2002}}

@book{dumezil2005,
	Address = {Paris},
	Author = {Bruno Dum{\'e}zil},
	Date-Added = {2016-11-16 10:19:34 +0000},
	Date-Modified = {2016-11-16 10:21:34 +0000},
	Publisher = {Fayard},
	Title = {Les racines chr{\'e}tiennes de l'Europe, conversion et libert{\'e} dans les royaumes barbares, V-VIII {\`e}mes si{\`e}cles},
	Year = {2005}}

@article{boucheron2005,
	Author = {Patrick Boucheron},
	Date-Added = {2016-11-16 10:17:51 +0000},
	Date-Modified = {2016-11-16 10:19:17 +0000},
	Journal = {Afrique et Histoire},
	Number = {1},
	Title = {Le g{\'e}nie de l'ath{\'e}isme},
	Volume = {3},
	Year = {2005}}

@article{Thebert1988,
	Author = {Yvon Thebert},
	Date-Added = {2016-11-16 10:15:46 +0000},
	Date-Modified = {2016-11-16 10:17:28 +0000},
	Journal = {Dialogues d'histoire ancienne},
	Title = {A propos du "triomphe du christianisme"},
	Volume = {24},
	Year = {1988}}

@book{lett2000,
	Address = {Paris},
	Author = {Didier Lett},
	Date-Added = {2016-11-16 10:08:52 +0000},
	Date-Modified = {2016-11-16 10:11:41 +0000},
	Publisher = {Hachette},
	Title = {Famille et parent{\'e} dans l'Occident m{\'e}di{\'e}val, V-XV {\`e}me si{\`e}cles},
	Year = {2000}}

@article{Schmitt2014,
	Author = {Jean-Claude Schmitt},
	Date-Added = {2016-11-16 10:06:04 +0000},
	Date-Modified = {2016-11-16 10:08:30 +0000},
	Journal = {Herm{\`e}s, La Revue},
	Number = {69},
	Pages = {214-218},
	Title = {Jacques le goff (1924-2014), un vivant Moyen-{\^A}ge},
	Volume = {2},
	Year = {2014}}

@book{Boswell1993,
	Address = {Paris},
	Author = {John Boswell},
	Date-Added = {2016-11-16 10:02:52 +0000},
	Date-Modified = {2016-11-16 10:04:42 +0000},
	Publisher = {Gallimard},
	Title = {Au bon coeur des inconnus},
	Year = {1993}}

@book{garnsey2004,
	Address = {Paris},
	Author = {Peter Garnsey},
	Date-Added = {2016-11-16 10:00:29 +0000},
	Date-Modified = {2016-11-16 10:02:20 +0000},
	Publisher = {Les Belles Lettres},
	Title = {Conceptions de l'esclavage, d'Aristote {\`a} Saint-Augustin},
	Year = {2004}}

@book{geremek1987,
	Address = {paris},
	Author = {Bronislaw Geremek},
	Date-Added = {2016-11-16 09:58:21 +0000},
	Date-Modified = {2016-11-16 09:59:25 +0000},
	Publisher = {Gallimard},
	Title = {La potence ou la piti{\'e}, l'Europe et les pauvres du moyen-{\^a}ge {\`a} nos jours},
	Year = {1987}}

@book{gerard1990,
	Address = {Paris},
	Author = {Andr{\'e}-Marie Gerard},
	Date-Added = {2016-11-16 09:48:22 +0000},
	Date-Modified = {2016-11-16 09:49:56 +0000},
	Publisher = {Robert Laffont},
	Title = {Dictionnaire de la Bible},
	Year = {1990}}

@book{Sartre1991,
	Author = {Maurice sartre},
	Date-Added = {2016-11-16 09:44:01 +0000},
	Date-Modified = {2016-11-16 09:48:03 +0000},
	Publisher = {Editions du Seuil},
	Title = {Le haut empire romain, Les provinces de M{\'e}diterran{\'e}e orientale d'Auguste aux S{\'e}v{\`e}res},
	Year = {1991}}

@book{Petit1974,
	Address = {Paris},
	Author = {Paul Petit},
	Date-Added = {2016-11-16 09:40:21 +0000},
	Date-Modified = {2016-11-16 09:43:12 +0000},
	Publisher = {Editions du Seuil},
	Title = {Histoire g{\'e}n{\'e}rale de l'empire romain},
	Volume = {3, le Bas-empire},
	Year = {1974}}

@book{Sauneron1998,
	Address = {Paris},
	Author = {Serge Sauneron},
	Date-Added = {2016-11-16 09:38:06 +0000},
	Date-Modified = {2016-11-16 09:39:28 +0000},
	Publisher = {Editions du Seuil},
	Title = {Les pr{\^e}tres de l'ancienne Egypte},
	Year = {1998}}

@article{Rousselle1990,
	Author = {aline Rousselle},
	Date-Added = {2016-11-16 09:23:39 +0000},
	Date-Modified = {2016-11-16 09:26:56 +0000},
	Journal = {Annales, economies soci{\'e}t{\'e}s civilisations},
	Number = {N4},
	Pages = {839-859},
	Title = {Vivre sous deux droits},
	Volume = {45},
	Year = {1990}}

@book{Veyne1971,
	Address = {Paris},
	Author = {Paul Veyne},
	Date-Added = {2016-11-16 09:16:04 +0000},
	Date-Modified = {2016-11-16 09:17:32 +0000},
	Publisher = {Editions du Seuil},
	Title = {Comment on {\'e}crit l'histoire},
	Year = {1971}}

@book{corvisier2000,
	Author = {Jean-Nicolas Corvisier and Wieslaw Suder},
	Date-Added = {2015-11-29 17:06:25 +0000},
	Date-Modified = {2015-11-29 18:09:06 +0000},
	Publisher = {PUF},
	Series = {Que sais-je ?},
	Title = {La population de l'Antiquit{\'e} classique},
	Year = {2000}}

@book{alexandre-bidon1997,
	Author = {Dani{\`e}le Alexandre-Bidon and Didier Lett},
	Date-Modified = {2015-12-01 21:38:51 +0000},
	Location = {Paris},
	Pagetotal = {281},
	Publisher = {Hachette},
	Title = {Les enfants au moyen-{\^a}ge, \siecles{5}{15}},
	Year = {1997}}

@book{arendt2002,
	Author = {Hannah Arendt},
	Pagetotal = {380},
	Publisher = {Gallimard},
	Series = {Collection Folio -- essais},
	Title = {La crise de la culture -- Huit exercices de pens{\'e}e politique},
	Year = {2002}}

@article{assailly1987,
	Author = {Assailly, Jean Pascal and Michel Corbillon and Michel Duyme},
	Date-Modified = {2015-11-30 19:25:26 +0000},
	Journal = {Les cahiers du CTNERHI},
	Month = {jan-mar},
	Pages = {1-33},
	Title = {Le placement {\`a} l'Aide Sociale {\`a} l'Enfance, la reproduction interg{\'e}n{\'e}rationnelle},
	Volume = {37},
	Year = {1987}}

@article{assailly1989,
	Author = {Assailly, Jean Pascal and Michel Corbillon},
	Date-Modified = {2015-11-30 19:26:02 +0000},
	Journal = {Neuropsychiatrie de l'enfance},
	Pages = {285-290},
	Title = {Transmission interg{\'e}n{\'e}rationnelle et comportement parental, {\'e}tude longitudinale d'enfants plac{\'e}s},
	Volume = {37},
	Year = {1989}}

@book{assaillyb1987,
	Author = {Assailly, Jean Pascal and Michel Corbillon and Michel Duyme},
	Date-Modified = {2015-11-30 19:26:24 +0000},
	Pagetotal = {196},
	Publisher = {Minist{\`e}re de la solidarit{\'e}, de la sant{\'e} et de la protection sociale},
	Title = {L'enfant plac{\'e}, de l'Assistance Publique {\`a} l'Aide Sociale {\`a} l'Enfance},
	Year = {1988}}

@book{baslez1984,
	Author = {Baslez, Marie Fran{\c c}oise},
	Date-Modified = {2015-11-30 19:26:47 +0000},
	Location = {Paris},
	Pagetotal = {361},
	Publisher = {Les Belles Lettres},
	Title = {L'{\'E}tranger dans la Gr{\`e}ce antique},
	Year = {1984}}

@book{bianco1980,
	Author = {Jean-louis Bianco and P. Lamy},
	Location = {Paris},
	Pagetotal = {217},
	Publisher = {{\'E}tude R.C.B, rapport {\'e}tabli {\`a} la demande du Minist{\`e}re de la sant{\'e} et de la s{\'e}curit{\'e} sociale},
	Title = {L'aide {\`a} l'enfance demain, contribution {\`a} une politique de r{\'e}duction des in{\'e}galit{\'e}s},
	Year = {1980}}

@phdthesis{bigot1986,
	Author = {F. Bigot},
	Date-Modified = {2015-12-05 00:10:52 +0000},
	Note = {tomes I et II},
	Number = {1-2},
	Pagetotal = {437},
	School = {Universit{\'e} de Tours, U.F.R. Arts et Sciences Humaines},
	Title = {Les enjeux de l'assistance {\`a} l'enfance, {\'E}tude des configurations et mutations depuis 1811 {\`a} partir d'un d{\'e}partement nourricier (Loir-et-Cher)},
	Year = {1986}}

@book{borsa1985,
	Author = {S. Borsa and C.-R. Michel},
	Location = {Paris},
	Pagetotal = {247},
	Publisher = {Hachette},
	Title = {La vie quotidienne des h{\^o}pitaux en France au \siecle{19}},
	Year = {1985}}

@book{brown1999,
	Author = {Peter Brown},
	Foreword = {Paul Veyne},
	Location = {Paris},
	Pagetotal = {195},
	Publisher = {Gallimard},
	Title = {Gen{\`e}se de l'Antiquit{\'e} tardive},
	Translator = {Aline Rousselle},
	Year = {1999}}

@book{brown2002,
	Author = {Peter Brown},
	Location = {Paris},
	Pagetotal = {599},
	Publisher = {Gallimard},
	Subtitle = {Virginit{\'e}, c{\'e}libat et continence dans le christianisme primitif},
	Title = {Le renoncement {\`a} la chair},
	Year = {2002}}

@book{brown1992,
	Author = {Peter Brown},
	Location = {Paris},
	Pagetotal = {253},
	Publisher = {Seuil},
	Title = {Pouvoir et persuasion dans l'antiquit{\'e} tardive, vers un empire chr{\'e}tien},
	Year = {1992}}

@book{brun1998,
	Author = {Jean Brun},
	Location = {Paris},
	Pagetotal = {126},
	Publisher = {Presses universitaires de France},
	Series = {Que sais-je ?},
	Title = {Le sto{\"\i}cisme},
	Year = {1998}}

@book{capul1989,
	Author = {Maurice Capul},
	Foreword = {Michel Serres},
	Location = {Toulouse},
	Pagetotal = {215},
	Publisher = {Privat},
	Subtitle = {Les enfants plac{\'e}s sous l'ancien r{\'e}gime},
	Title = {Abandon et marginalit{\'e}},
	Volume = 1,
	Year = {1989}}

@book{capul1990,
	Author = {Maurice Capul},
	Location = {Toulouse},
	Pagetotal = {179},
	Publisher = {Privat},
	Subtitle = {Les enfants plac{\'e}s sous l'ancien r{\'e}gime},
	Title = {Infirmit{\'e}s et h{\'e}r{\'e}sies},
	Volume = 2,
	Year = {1990}}

@phdthesis{capul1984,
	Author = {Maurice Capul},
	Date-Modified = {2015-11-30 19:37:38 +0000},
	Publisher = {Centre Technique National d'{\'E}tudes et de Recherches sur les Handicaps et les Inadaptations},
	Series = {Publications du C.T.N.E.R.H.I. S{\'e}rie Documents},
	Title = {Internat et internement sous l'ancien r{\'e}gime : contribution {\`a} l'histoire de l'{\'e}ducation sp{\'e}ciale. La p{\'e}dagogie des maisons d'assistance.},
	Url = {http://books.google.fr/books?id=Ro9BAQAAIAAJ},
	Volume = {1-4},
	Year = {1984},
	Bdsk-Url-1 = {http://books.google.fr/books?id=Ro9BAQAAIAAJ}}

@book{carcopino1978,
	Author = {J{\'e}r{\^o}me Carcopino},
	Location = {Paris},
	Pagetotal = {351},
	Publisher = {Hachette},
	Title = {La vie quotidienne {\`a} Rome {\`a} l'apog{\'e}e de l'Empire},
	Year = {1978}}

@book{carrie1999,
	Author = {Jean-Michel Carrie and Aline Rousselle},
	Pages = {192-337},
	Pagetotal = {584},
	Publisher = {{\'E}ditions du Seuil},
	Title = {L'Empire romain en mutation, des S{\'e}v{\`e}res {\`a} Constantin},
	Year = {1999}}

@book{chouraqui1978,
	Author = {Andr{\'e} Chouraqui},
	Location = {Paris},
	Pagetotal = {412},
	Publisher = {Hachette},
	Title = {La vie quotidienne des hommes de la Bible},
	Year = {1978}}

@book{cohen1980,
	Author = {A. Cohen},
	Location = {Paris},
	Pagetotal = {467},
	Publisher = {Payot},
	Subtitle = {Expos{\'e} synth{\'e}tique du Talmud et de l'enseignement des rabbins sur l'{\'e}thique, la religion les coutumes et la jurisprudence},
	Title = {Le Talmud},
	Year = {1980}}

@book{burguiere1986,
	Author = {Alain Burguiere and Christine Klapish-Zuber and Martine Segalen and Fran{\c c}oise Zonabend},
	Date-Modified = {2015-12-01 00:37:34 +0000},
	Location = {Paris},
	Publisher = {Armand Colin},
	Title = {Histoire de la famille},
	Year = {1986}}

@book{burguiereI1986,
	Crossref = {burguiere1986},
	Date-Modified = {2015-12-01 01:32:20 +0000},
	Pagetotal = {448},
	Titleaddon = {Mondes lointains},
	Volume = {1}}

@book{burguiereII1986,
	Crossref = {burguiere1986},
	Date-Modified = {2015-12-01 01:32:25 +0000},
	Pagetotal = {479},
	Titleaddon = {Temps m{\'e}di{\'e}vaux : Orient / Occident},
	Volume = {2}}

@book{burguiereIII1986,
	Crossref = {burguiere1986},
	Date-Modified = {2015-12-01 01:32:30 +0000},
	Pagetotal = {736},
	Titleaddon = {Le choc des modernit{\'e}s},
	Volume = {3}}

@book{lehmann1999,
	Editor = {Yves Lehmann and Dominique Briquel and G{\'e}rard Freyburger and Mireille Hadas-Lebel and Vinciane Pirenne-Delforge and Charles-Marie Ternes},
	Location = {Paris},
	Pagetotal = {592},
	Publisher = {Presses universitaires de France},
	Series = {Collection Premier cycle},
	Title = {Religions de l'Antiquit{\'e}},
	Year = {1999}}

@book{lefevre2005,
	Date-Modified = {2015-11-30 19:33:59 +0000},
	Editor = {C{\'e}cile Lefevre and Alexandra Filhon},
	Location = {Paris},
	Pagetotal = {639},
	Publisher = {Institut national d'{\'e}tudes d{\'e}mographiques},
	Series = {Cahiers de l'INED},
	Title = {Histoires de familles, histoires familiales : les r{\'e}sultats de l'enqu{\^e}te famille de 1999},
	Year = {2005}}

@book{houzel1999,
	Author = {Didier Houzel},
	Date-Modified = {2016-11-17 14:17:20 +0000},
	Location = {Paris},
	Pagetotal = {198},
	Publisher = {Eres, Minist{\`e}re de l'emploi et de la solidarit{\'e}, Direction de l'action sociale},
	Title = {Les enjeux de la parentalit{\'e}},
	Year = {1999}}

@book{diene1998,
	Date-Modified = {2015-11-30 20:04:22 +0000},
	Editor = {Doudou Diene},
	Location = {Paris},
	Pagetotal = {591},
	Publisher = {{\'E}ditions Unesco},
	Title = {La cha{\^\i}ne et le lien, une vision de la traite n{\'e}gri{\`e}re},
	Year = {1998}}

@book{duby2002,
	Author = {Georges Duby and Michelle Perrot},
	Location = {Paris},
	Publisher = {Plon Perrin},
	Title = {Histoires des femmes en Occident},
	Year = {2002}}

@book{dubyI2002,
	Crossref = {duby2002},
	Date-Modified = {2015-11-26 21:00:25 +0000},
	Pagetotal = {479},
	Titleaddon = {L'Antiquit{\'e}},
	Volume = {1}}

@book{dubyII2002,
	Crossref = {duby2002},
	Date-Modified = {2015-11-26 21:00:14 +0000},
	Pagetotal = {448},
	Titleaddon = {Le Moyen-{\^A}ge},
	Volume = {2}}

@book{dubyIII2002,
	Crossref = {duby2002},
	Date-Modified = {2015-12-01 21:56:58 +0000},
	Pagetotal = {736},
	Titleaddon = {\crmieme{16}--\siecle{18}},
	Volume = {3}}

@article{dulac1997,
	Editor = {Germaine Dulac and Nadine Lefaucheur},
	Journal = {Lien social et politiques},
	Note = {\no{} sp{\'e}cial},
	Pagetotal = {192},
	Title = {Politiques du p{\`e}re},
	Volume = {37},
	Year = {1997}}

@book{delumeau1990,
	Editor = {Jean Delumeau and Daniel Roche},
	Location = {Paris},
	Pagetotal = {535},
	Publisher = {Larousse},
	Title = {Histoire des p{\`e}res et de la paternit{\'e}},
	Year = {1990}}

@book{imbert1982,
	Author = {Jean Imbert},
	Date-Modified = {2015-11-30 19:44:02 +0000},
	Location = {Toulouse},
	Pagetotal = {559},
	Publisher = {Privat},
	Title = {Histoire des h{\^o}pitaux en France},
	Year = {1982}}

@book{expo1900,
	Location = {Paris},
	Note = {{\'e}crit {\`a} l'occasion de l'Exposition Universelle de 1900},
	Publisher = {Administration g{\'e}n{\'e}rale de l'Assistance Publique},
	Title = {L'Assistance Publique en 1900},
	Year = {1900}}

@book{chauviere1996,
	Author = {Michel Chauviere and Pierre Leno{\"e}l and {\'E}ric Pierre},
	Pagetotal = {183},
	Publisher = {Presses Universitaires de Rennes},
	Title = {Prot{\'e}ger l'enfant, raison juridique et pratiques socio-judiciaires (\siecles{19}{20})},
	Year = {1996}}

@book{cubero1998,
	Author = {Jos{\'e} Cubero},
	Location = {Paris},
	Pagetotal = {294},
	Publisher = {Imago},
	Title = {Histoire du vagabondage du moyen-{\^a}ge {\`a} nos jours},
	Year = {1998}}

@book{dekeuwer-defossez,
	Author = {Fran{\c c}oise Dekeuwer-Defossez},
	Location = {Paris},
	Pagetotal = {127},
	Publisher = {Que sais-je ? PUF},
	Title = {Les droits de l'enfant}}

@book{delacampagne2002,
	Author = {Christian Delacampagne},
	Location = {Paris},
	Pagetotal = {319},
	Publisher = {Le livre de poche, Librairie g{\'e}n{\'e}rale fran{\c c}aise},
	Title = {Une histoire de l'esclavage, de l'antiquit{\'e} {\`a} nos jours},
	Year = {2002}}

@book{donzelot1994,
	Author = {Jacques Donzelot},
	Location = {Paris},
	Pagetotal = {263},
	Publisher = {Seuil},
	Title = {L'invention du social, essai sur le d{\'e}clin des passions politiques},
	Year = {1994}}

@book{donzelot1977,
	Author = {Jacques Donzelot},
	Location = {Paris},
	Pagetotal = {221},
	Publisher = {Les {\'E}ditions de minuit},
	Title = {La police des familles},
	Year = {1977}}

@book{duby1981,
	Author = {Duby},
	Location = {Paris},
	Publisher = {Hachette},
	Title = {Le chevalier, la femme et le pr{\^e}tre},
	Year = {1981}}

@book{dumas2001,
	Author = {Didier Dumas},
	Location = {Paris},
	Publisher = {Descl{\'e}e de Brouwer},
	Title = {La Bible et ses fant{\^o}mes},
	Year = {2001}}

@book{dupoux1958,
	Author = {Albert Dupoux},
	Date-Modified = {2015-12-01 22:11:11 +0000},
	Location = {Paris},
	Pagetotal = {407},
	Publisher = {Revue de l'Assistance Publique {\`a} Paris},
	Title = {Sur les pas de Monsieur Vincent, 300 ans d'histoire parisienne de l'enfance abandonn{\'e}e},
	Year = {1958}}

@book{durliat2002,
	Author = {Jean Durliat},
	Location = {Paris},
	Pagetotal = {192},
	Publisher = {Ellipses},
	Title = {De l'antiquit{\'e} au Moyen-{\^a}ge, l'Occident de 313 {\`a} 800},
	Year = {2002}}

@book{faivre1977,
	Author = {Alexandre Faivre},
	Location = {Paris},
	Pagetotal = {443},
	Publisher = {{\'E}ditions Beauchesne},
	Title = {Naissance d'une hi{\'e}rarchie, les premi{\`e}res {\'e}tapes du cursus cl{\'e}rical},
	Year = {1977}}

@book{flaceliere1959,
	Author = {Robert Flaceliere},
	Date-Modified = {2015-11-30 19:50:06 +0000},
	Location = {Paris},
	Origdate = {1959},
	Pagetotal = {375},
	Publisher = {Hachette},
	Title = {La Gr{\`e}ce au si{\`e}cle de P{\'e}ricl{\`e}s, \siecle{5} avant J.-C.},
	Year = {1996}}

@book{flandrin1984,
	Author = {Jean-Louis Flandrin},
	Location = {Paris},
	Pagetotal = {332},
	Publisher = {Seuil},
	Title = {Familles, parent{\'e}, maison, sexualit{\'e} dans l'ancienne soci{\'e}t{\'e}},
	Year = {1984}}

@book{foucault1961,
	Author = {Michel Foucault},
	Location = {Paris},
	Publisher = {Gallimard},
	Title = {Folie et d{\'e}raison : histoire de la folie {\`a} l'{\^a}ge classique},
	Year = {1961}}

@book{foucault1975,
	Author = {Michel Foucault},
	Location = {Paris},
	Pagetotal = {323},
	Publisher = {Gallimard},
	Title = {Surveiller et punir, naissance de la prison},
	Year = {1975}}

@book{furet1977,
	Author = {Furet and Ozouf},
	Location = {Paris},
	Pagetotal = {390},
	Publisher = {Les {\'e}ditions de minuit},
	Title = {Lire et {\'e}crire, l'alphab{\'e}tisation des fran{\c c}ais de Calvin {\`a} Jules Ferry},
	Year = {1977}}

@book{garaud1978,
	Author = {Marcel Garaud},
	Bookauthor = {Romuald Szramkiewicz},
	Location = {Paris},
	Pagetotal = {270},
	Publisher = {PUF},
	Title = {La r{\'e}volution fran{\c c}aise et la famille},
	Year = {1978}}

@book{garlan1982,
	Author = {Yvon Garlan},
	Location = {Paris},
	Origdate = {1982},
	Pagetotal = {214},
	Publisher = {{\'E}ditions de la d{\'e}couverte},
	Title = {Les esclaves en Gr{\`e}ce ancienne},
	Year = {1995}}

@book{garnsey2001,
	Author = {Peter Garnsey and Richard Saller},
	Location = {Paris},
	Pagetotal = {340},
	Publisher = {La D{\'e}couverte},
	Title = {L'empire romain, {\'e}conomie, soci{\'e}t{\'e}, culture},
	Year = {2001}}

@phdthesis{gaudens1978,
	Author = {Bernard Gaudens},
	Location = {Paris},
	Pagetotal = {400},
	School = {Universit{\'e} de Bordeaux II, U.E.R. de sciences sociales et psychologiques, section des sciences de l'{\'e}ducation},
	Title = {Arch{\'e}ologie et id{\'e}ologie de la r{\'e}{\'e}ducation, gen{\`e}se des structures et {\'e}volution des concepts},
	Year = {1978}}

@book{goody1985,
	Author = {Jack Goody},
	Location = {Paris},
	Pagetotal = {303},
	Publisher = {Armand Colin},
	Title = {L'{\'e}volution de la famille et du mariage en Europe},
	Year = {1985}}

@book{hamman1971,
	Author = {A. Hamman},
	Location = {Paris},
	Pages = {95-197},
	Pagetotal = {301},
	Publisher = {Hachette},
	Title = {La vie quotidienne des premiers chr{\'e}tiens},
	Year = {1971}}

@book{heers1981,
	Author = {Jacques Heers},
	Date-Modified = {2015-12-01 22:25:05 +0000},
	Location = {Paris},
	Origdate = {1981},
	Origpublisher = {Fayard},
	Pagetotal = {289},
	Publisher = {Hachette-Pluriel},
	Title = {Esclaves et domestiques au Moyen {\^A}ge dans le monde m{\'e}diterran{\'e}en},
	Year = {1996}}

@book{imbert1993,
	Author = {Jean Imbert},
	Location = {Paris},
	Pagetotal = {307},
	Publisher = {PUF},
	Title = {Le droit hospitalier de l'ancien r{\'e}gime},
	Year = {1993}}

@book{lancon1992,
	Author = {Bertrand Lancon},
	Location = {Paris},
	Pagetotal = {191},
	Publisher = {Armand Colin},
	Title = {Le monde romain tardif, III{\`e}me-VII{\`e}me si{\`e}cle ap. J.C},
	Year = {1992}}

@book{leroux1998,
	Author = {Le Roux, Patrick},
	Date-Modified = {2015-11-30 19:28:13 +0000},
	Location = {Paris},
	Pagetotal = {497},
	Publisher = {{\'E}ditions du Seuil},
	Title = {Le Haut-Empire romain en Occident, d'Auguste aux S{\'e}v{\`e}res},
	Year = {1998}}

@book{lebecq1990,
	Author = {St{\'e}phane Lebecq},
	Date-Modified = {2015-12-01 00:11:30 +0000},
	Location = {Paris},
	Number = {1},
	Pagetotal = {321},
	Publisher = {Seuil},
	Series = {Nouvelle histoire de la France M{\'e}di{\'e}vale},
	Title = {Les origines franques, \crmieme{5}--\siecle{9}},
	Year = {1990}}

@book{lefebvre-teillard1996,
	Author = {Anne Lefebvre-Teillard},
	Location = {Paris},
	Pagetotal = {475},
	Publisher = {PUF},
	Title = {Introduction historique au droit des personnes et de la famille},
	Year = {1996}}

@book{lenoir2003,
	Author = {R{\'e}mi Lenoir},
	Location = {Paris},
	Pagetotal = {587},
	Publisher = {Seuil},
	Title = {G{\'e}n{\'e}alogie de la morale familiale},
	Year = {2003}}

@book{levi2002,
	Author = {Jean-Philippe L{\'e}vi and Andr{\'e} Castaldo},
	Location = {Paris},
	Pagetotal = {1554},
	Publisher = {DALLOZ},
	Title = {Histoire du droit civil},
	Year = {2002}}

@book{marrou1977,
	Author = {Henri-Ir{\'e}n{\'e}e Marrou},
	Date-Modified = {2015-12-01 22:30:35 +0000},
	Location = {Paris},
	Origdate = {1977},
	Pagetotal = {179},
	Publisher = {{\'E}ditions du Seuil},
	Title = {D{\'e}cadence romaine ou antiquit{\'e} tardive ? \crmieme{3}--\siecle{6}},
	Year = {1999}}

@book{marrou1985,
	Author = {Henri-Ir{\'e}n{\'e}e Marrou},
	Date-Modified = {2015-12-01 22:31:00 +0000},
	Location = {Paris},
	Origdate = {1963},
	Pagetotal = {292},
	Publisher = {{\'E}ditions du Seuil},
	Series = {contribution {\`a} la Nouvelle histoire de {\'E}glise},
	Title = {{\'E}glise de l'Antiquit{\'e} tardive, 303--604},
	Year = {1996}}

@book{mattei,
	Author = {Paul Mattei},
	Location = {Paris},
	Pagetotal = {176},
	Publisher = {Ellipses},
	Title = {Le christianisme antique (du premier au cinqui{\`e}me si{\`e}cle)}}

@book{meillassoux1986,
	Author = {Claude Meillassoux},
	Location = {Paris},
	Pagetotal = {375},
	Publisher = {PUF},
	Title = {Anthropologie de l'esclavage},
	Year = {1986}}

@book{mendel1971,
	Author = {G{\'e}rard Mendel},
	Location = {Paris},
	Pagetotal = {267},
	Publisher = {Payot},
	Series = {UNESCO},
	Title = {Pour d{\'e}coloniser l'enfant, socio psychanalyse de l'autorit{\'e}},
	Year = {1971}}

@book{mendel2003,
	Author = {G{\'e}rard Mendel},
	Location = {Paris},
	Pagetotal = {281},
	Publisher = {Poche},
	Series = {La d{\'e}couverte},
	Title = {Une histoire de l'autorit{\'e}, permanences et variations},
	Year = {2003}}

@book{minois1989,
	Author = {Georges Minois},
	Pagetotal = {332},
	Publisher = {{\'E}ditions Ouest France Universit{\'e}},
	Title = {Les religieux en Bretagne sous l'Ancien R{\'e}gime},
	Year = {1989}}

@book{mollat1978,
	Author = {Michel Mollat},
	Location = {Paris},
	Pagetotal = {395},
	Publisher = {Hachette},
	Title = {Les pauvres au moyen-{\^a}ge, {\'e}tude sociale},
	Year = {1978}}

@book{moulin1978,
	Author = {L{\'e}o Moulin},
	Date-Modified = {2016-11-18 13:39:56 +0000},
	Location = {Paris},
	Pagetotal = {383},
	Publisher = {Hachette},
	Title = {La vie quotidienne des religieux au moyen-{\^a}ge, X-XVe si{\`e}cles},
	Year = {1978}}

@book{parisse1983,
	Author = {Michel Parisse},
	Pagetotal = {270},
	Publisher = {{\'E}ditions Christian Bonneton},
	Title = {Les nonnes au Moyen-{\^A}ge},
	Year = {1983}}

@book{petot1992,
	Author = {Pierre Petot},
	Bookauthor = {Claude Bontemps},
	Location = {Paris},
	Pagetotal = {528},
	Publisher = {Loysel},
	Title = {La famille},
	Year = {1992}}

@book{poly2003,
	Author = {Jean-Pierre Poly},
	Pagetotal = {607},
	Publisher = {Perrin},
	Title = {Le chemin des amours barbares, Gen{\`e}se m{\'e}di{\'e}vale de la sexualit{\'e} europ{\'e}enne},
	Year = {2003}}

@book{puccini-delbey2007,
	Author = {G{\'e}raldine Puccini-Delbey},
	Location = {Paris},
	Pagetotal = {383},
	Publisher = {Taillandier},
	Title = {La vie sexuelle {\`a} Rome},
	Year = {2007}}

@book{rousselle1998,
	Author = {Aline Rousselle},
	Location = {Paris},
	Pagetotal = {368},
	Publisher = {Les belles lettres},
	Title = {La contamination spirituelle, science, droit et religion dans l'antiquit{\'e}},
	Year = {1998}}

@book{salles1982,
	Author = {Catherine Salles},
	Origdate = {1982},
	Pagetotal = {359},
	Publisher = {Payot},
	Title = {Les bas-fonds de l'antiquit{\'e}},
	Year = {2004}}

@book{segalen2010,
	Author = {Martine Segalen},
	Publisher = {Tallandier},
	Title = {{\`A} qui appartiennent les enfants ?},
	Year = {2010}}

@book{steinsaltz2002,
	Author = {Adin Steinsaltz},
	Location = {Paris},
	Origdate = {1976},
	Origlanguage = {english},
	Pagetotal = {326},
	Publisher = {Albin Michel},
	Title = {Introduction au Talmud},
	Year = {2002}}

@book{tenon1788,
	Author = {Jacques Tenon},
	Location = {Paris},
	Pagetotal = {472},
	Publisher = {{\'e}dit{\'e} par l'Assistance Publique, H{\^o}pitaux de Paris},
	Title = {M{\'e}moires sur les h{\^o}pitaux de Paris, Fac-simil{\'e} de l'{\'e}dition originale de 1788},
	Year = {1998}}

@book{testart2001,
	Author = {Alain Testart},
	Pagetotal = {238},
	Publisher = {{\'E}ditions Errance},
	Title = {L'esclave, la dette et le pouvoir},
	Year = {2001}}

@article{thery2001,
	Author = {Ir{\`e}ne Thery},
	Journal = {Neuropsychiatrie de l'enfance et de l'adolescence},
	Month = {12},
	Number = {8},
	Pages = {492-501},
	Title = {Peut-on parler d'une crise de la famille ? Un point de vue sociologique},
	Volume = {49},
	Year = {2001}}

@book{todd2011,
	Author = {Emmanuel Todd},
	Location = {Paris},
	Note = {Tome I},
	Pagetotal = {788},
	Publisher = {Gallimard},
	Title = {L'origine des syst{\`e}mes familiaux},
	Year = {2011}}

@book{unterman1997,
	Author = {Alan Unterman},
	Location = {Paris},
	Publisher = {Thames et Hudson},
	Title = {Dictionnaire du juda{\"\i}sme, histoires, mythes, traditions},
	Year = {1997}}

@book{verdier1993,
	Author = {Pierre Verdier},
	Location = {Paris},
	Pagetotal = {121},
	Publisher = {Bayard},
	Title = {L'autorit{\'e} parentale, le droit en plus},
	Year = {1993}}

@book{veyneegr2005,
	Author = {Paul Veyne},
	Location = {Paris},
	Pagetotal = {874},
	Publisher = {{\'E}ditions du Seuil},
	Title = {L'empire gr{\'e}co-romain},
	Year = {2005}}

@book{veyne1991,
	Author = {Paul Veyne},
	Location = {Paris},
	Origdate = {1991},
	Pagetotal = {342},
	Publisher = {{\'E}ditions du Seuil},
	Title = {La soci{\'e}t{\'e} romaine},
	Year = {2001}}

@book{veyne1976,
	Author = {Paul Veyne},
	Location = {Paris},
	Pagetotal = {890},
	Publisher = {{\'E}ditions du Seuil},
	Title = {Le pain et le cirque, sociologie historique d'un pluralisme politique},
	Year = {1976}}

@book{veyne2005,
	Author = {Paul Veyne},
	Location = {Paris},
	Pagetotal = {208},
	Publisher = {Taillandier},
	Title = {Sexe et pouvoir {\`a} Rome},
	Year = {2005}}

@proceedings{corbillon1989,
	Author = {Alain Burguiere and Christine Klapish-Zuber and Martine Segalen and Fran{\c c}oise Zonabend},
	Date-Modified = {2015-12-01 00:30:46 +0000},
	Editor = {Michel Corbillon},
	Eventdate = {1989-05-31/1989-06-01},
	Eventtitle = {\enquote{L'enfant plac{\'e}, actualit{\'e} de la recherche fran{\c c}aise et internationale}},
	Isbn = {9782877100342},
	Location = {Paris},
	Pagetotal = {350},
	Publisher = {PUF},
	Series = {Publications du Centre technique national d'{\'e}tudes et de recherches sur les handicaps et les inadaptations},
	Title = {Actes du colloque international},
	Url = {https://books.google.fr/books?id=20wdAAAACAAJ},
	Venue = {Paris},
	Year = {1989},
	Bdsk-Url-1 = {https://books.google.fr/books?id=20wdAAAACAAJ}}

@book{corbillon2001,
	Author = {Michel Corbillon},
	Pagetotal = {241},
	Publisher = {{\'E}ditions Matrice},
	Title = {Suppl{\'e}ance familiale, nouvelles approches, nouvelles pratiques},
	Year = {2001}}

@book{tigreat2010,
	Author = {Herv{\'e} Tigr{\'e}at and Pascale Planche and Jean-Luc Goascoz},
	Date-Modified = {2015-12-01 01:35:13 +0000},
	Foreword = {Pascal \fsc{David}},
	Publisher = {Tikinagan},
	Title = {L'aide sociale {\`a} l'enfance de l'antiquit{\'e} {\`a} nos jours},
	Year = {2010}}

@book{geoltrain2000,
	Author = {Pierre Geoltrain},
	Location = {Paris},
	Pagetotal = {601},
	Publisher = {Gallimard},
	Title = {Aux origines du christianisme},
	Year = {2000}}

@book{anpase1980,
	Author = {Commission Nationale d'{\'e}tudes et de recherches de l'ANPASE},
	Location = {Paris},
	Pagetotal = {158},
	Publisher = {ESF},
	Title = {L'Aide... Sociale... {\`a} l'Enfance ? Interrogations},
	Year = {1980}}
